@article{,
author  = "",
title   = "",
journal = ,
year    = "",
month   = ,
volume  = "",
number  = "",
pages   = "--"}


@inproceedings{,
author    = "",
title     = "",
booktitle = "Proc.~xxth IEEE Conf.", 
year      = "",
address   = "",
month     = ,
volume    = "",
number    = "",
pages     = ""}


@book{,
author    = "",
editor    = "", 
title     = "",
volume    = "",	
edition   = "",
year      = "",	
series    = "",	
publisher = "",
address   = "",
ISBN      = ""}


@incollection{ ,
author    = "",
editor    = "",
title     = "",
booktitle = "",
volume    = "",
edition   = "",
year      = "",
series    = "",
chapter   = "",
pages     = "--",
publisher = "",
address   = "",
ISBN      = ""}

@inbook{ ,
author    = "",
title     = "",
edition   = "",
publisher = "",
address   = "",
year      = "",
chapter   = "",
type      = "",
pages     = "--",
note      = "",
ISBN      = ""}


@phdthesis{,
author  = "",
title   = "",
type    = "",
school  = "Dep., Univ.",
address = "",
year    = "",
month   = }

@mastersthesis{,
author  = "",
title   = "",
type    = "M.A.Sc. thesis",
school  = "Dep., Univ.",
address = "",
year    = "",	
month   = }

@techreport{,
author      = "",
title       = "",
type        = "",
number      = "",
institution = "",
address     = "",
year        = "",
month       = }

%Online Sources:
@electronic{ ,
title         = " ",
url           = " ",
year          = " ",
key           = " "}

@manual{ ,
title         = " ",
howpublished  = "{ }",
organization  = " ",
address      = " ",
month        =  ,
year         = " ",
note         = " "}